@inproceedings{resnet,
  title={Deep residual learning for image recognition},
  author={He, Kaiming and Zhang, Xiangyu and Ren, Shaoqing and Sun, Jian},
  booktitle={Proceedings of the IEEE conference on computer vision and pattern recognition},
  pages={770--778},
  year={2016}
}

@inproceedings{tbd,
  title={Benchmarking and analyzing deep neural network training},
  author={Zhu, Hongyu and Akrout, Mohamed and Zheng, Bojian and Pelegris, Andrew and Jayarajan, Anand and Phanishayee, Amar and Schroeder, Bianca and Pekhimenko, Gennady},
  booktitle={2018 IEEE International Symposium on Workload Characterization ({IISWC})},
  pages={88--100},
  year={2018},
  organization={IEEE}
}


@inproceedings{iswitch,
 author = {Li, Youjie and Liu, Iou-Jen and Yuan, Yifan and Chen, Deming and Schwing, Alexander and Huang, Jian},
 title = {Accelerating Distributed Reinforcement Learning with In-switch Computing},
 booktitle = {Proceedings of the 46th International Symposium on Computer Architecture},
 series = {ISCA '19},
 year = {2019},
 isbn = {978-1-4503-6669-4},
 location = {Phoenix, Arizona},
 pages = {279--291},
 numpages = {13},
 url = {http://doi.acm.org/10.1145/3307650.3322259},
 doi = {10.1145/3307650.3322259},
 acmid = {3322259},
 publisher = {ACM},
 address = {New York, NY, USA},
 keywords = {distributed machine learning, in-network computing, in-switch accelerator, reinforcement learning},
} 


@inproceedings{ray,
  title={Ray: A distributed framework for emerging {AI} applications},
  author={Moritz, Philipp and Nishihara, Robert and Wang, Stephanie and Tumanov, Alexey and Liaw, Richard and Liang, Eric and Elibol, Melih and Yang, Zongheng and Paul, William and Jordan, Michael I and others},
  booktitle={13th {USENIX} Symposium on Operating Systems Design and Implementation ({OSDI} 18)},
  pages={561--577},
  year={2018}
}
@article{qt-opt,
  title={Qt-opt: Scalable deep reinforcement learning for vision-based robotic manipulation},
  author={Kalashnikov, Dmitry and Irpan, Alex and Pastor, Peter and Ibarz, Julian and Herzog, Alexander and Jang, Eric and Quillen, Deirdre and Holly, Ethan and Kalakrishnan, Mrinal and Vanhoucke, Vincent and others},
  journal={arXiv preprint arXiv:1806.10293},
  year={2018}
}
@article{energy-guzzling-ai,
  title={Energy and Policy Considerations for Deep Learning in NLP},
  author={Strubell, Emma and Ganesh, Ananya and McCallum, Andrew},
  journal={arXiv preprint arXiv:1906.02243},
  year={2019}
}

@book{lamport94,
    author    = "Leslie Lamport",
    title     = "{\LaTeX: A Document Preparation System}",
    year      = "1994",
    publisher = "Addison-Wesley",
    edition = "2nd",
    address   = "Reading, Massachusetts"
}

@inproceedings{nicepaper1,
  author = "Firstname1 Lastname1 and Firstname2 Lastname2",
  title = "A Very Nice Paper To Cite",
  year = "2012",
  booktitle = "Proceedings of the 33rd Annual ACM SIGPLAN Conference on Programming Language Design and Implementation"
}

@inproceedings{nicepaper2,
  author = "Firstname1 Lastname1 and Firstname2 Lastname2 and Firstname3 Lastname3",
  title = "Another Very Nice Paper to Cite",
  year = "2011",
  booktitle = "Proceedings of the 22nd ACM Symposium on Operating Systems Principles"
}

@inproceedings{nicepaper3,
  author = "Firstname1 Lastname1 and Firstname2 Lastname2 and Firstname3 Lastname3 and Firstname4 Lastname4 and Firstname5 Lastname5",
  title = "Yet Another Very Nice Paper To Cite, With Many Author Names All Spelled Out",
  year = "2011",
  booktitle = "Proceedings of the 38th Annual International Symposium on Computer Architecture"
}

@article{mnih2015human,
  title={Human-level control through deep reinforcement learning},
  author={Mnih, Volodymyr and Kavukcuoglu, Koray and Silver, David and Rusu, Andrei A and Veness, Joel and Bellemare, Marc G and Graves, Alex and Riedmiller, Martin and Fidjeland, Andreas K and Ostrovski, Georg and others},
  journal={Nature},
  volume={518},
  number={7540},
  pages={529},
  year={2015},
  publisher={Nature Publishing Group}
}
@article{mnih2013playing,
  title={Playing atari with deep reinforcement learning},
  author={Mnih, Volodymyr and Kavukcuoglu, Koray and Silver, David and Graves, Alex and Antonoglou, Ioannis and Wierstra, Daan and Riedmiller, Martin},
  journal={arXiv preprint arXiv:1312.5602},
  year={2013}
}

@article{dosovitskiy2017carla,
  title={CARLA: An open urban driving simulator},
  author={Dosovitskiy, Alexey and Ros, German and Codevilla, Felipe and Lopez, Antonio and Koltun, Vladlen},
  journal={Conference on Robot Learning},
  year={2017}
}
% journal={arXiv preprint arXiv:1711.03938},
% booktitle={Conference on Robot Learning},


@article{schaul2015prioritized,
  title={Prioritized experience replay},
  author={Schaul, Tom and Quan, John and Antonoglou, Ioannis and Silver, David},
  journal={arXiv preprint arXiv:1511.05952},
  year={2015}
}


@misc{cupti,
  title = {{CUPTI :: CUDA Toolkit Documentation}},
  howpublished = "\url{https://docs.nvidia.com/cuda/cupti/index.html}",
  year = {2019}, 
}

@misc{tensorrt,
  title = {{NVIDIA TensorRT}},
  howpublished = "\url{https://developer.nvidia.com/tensorrt}",
  year = {2020}, 
}

@misc{mlperf_repo,
  title = {{mlperf/training: Reference implementations of training benchmarks}},
  howpublished = "\url{https://github.com/mlperf/training}",
  year = {2020}, 
}


@inproceedings{tromp2006combinatorics,
  title={Combinatorics of go},
  author={Tromp, John and Farneb{\"a}ck, Gunnar},
  booktitle={International Conference on Computers and Games},
  pages={84--99},
  year={2006},
  organization={Springer}
}

@article{krishnan2019air,
  title={Air Learning: An {AI} Research Platform for Algorithm-Hardware Benchmarking of Autonomous Aerial Robots},
  author={Krishnan, Srivatsan and Borojerdian, Behzad and Fu, William and Faust, Aleksandra and Reddi, Vijay Janapa},
  journal={arXiv preprint arXiv:1906.00421},
  year={2019}
}

@misc{OpenAI_dota,
      author = {OpenAI},
      title = {{OpenAI Five}},
      howpublished = {\url{https://blog.openai.com/openai-five/}},
      year = {2018}}
      
@inproceedings{chebotar2019closing,
  title={Closing the sim-to-real loop: Adapting simulation randomization with real world experience},
  author={Chebotar, Yevgen and Handa, Ankur and Makoviychuk, Viktor and Macklin, Miles and Issac, Jan and Ratliff, Nathan and Fox, Dieter},
  booktitle={2019 International Conference on Robotics and Automation (ICRA)},
  pages={8973--8979},
  year={2019},
  organization={IEEE}
}

@article{dexterous,
  author    = {OpenAI and
               Marcin Andrychowicz and
               Bowen Baker and
               Maciek Chociej and
               Rafal J{\'{o}}zefowicz and
               Bob McGrew and
               Jakub W. Pachocki and
               Jakub Pachocki and
               Arthur Petron and
               Matthias Plappert and
               Glenn Powell and
               Alex Ray and
               Jonas Schneider and
               Szymon Sidor and
               Josh Tobin and
               Peter Welinder and
               Lilian Weng and
               Wojciech Zaremba},
  title     = {Learning Dexterous In-Hand Manipulation},
  journal   = {CoRR},
  volume    = {abs/1808.00177},
  year      = {2018},
  url       = {http://arxiv.org/abs/1808.00177},
  archivePrefix = {arXiv},
  eprint    = {1808.00177},
  timestamp = {Thu, 14 Feb 2019 11:14:23 +0100},
  biburl    = {https://dblp.org/rec/bib/journals/corr/abs-1808-00177},
  bibsource = {dblp computer science bibliography, https://dblp.org}
}

@article{akkaya2019solving,
  title={Solving {Rubik}'s Cube with a Robot Hand},
  author={Akkaya, Ilge and Andrychowicz, Marcin and Chociej, Maciek and Litwin, Mateusz and McGrew, Bob and Petron, Arthur and Paino, Alex and Plappert, Matthias and Powell, Glenn and Ribas, Raphael and others},
  journal={arXiv preprint arXiv:1910.07113},
  year={2019}
}

@inproceedings{Schaul2016,
address = {Puerto Rico},
author = {Schaul, Tom and Quan, John and Antonoglou, Ioannis and Silver, David},
booktitle = {International Conference on Learning Representations},
title = {Prioritized Experience Replay},
year = {2016}
}



@inproceedings{deng2009imagenet,
  title={Imagenet: A large-scale hierarchical image database},
  author={Deng, Jia and Dong, Wei and Socher, Richard and Li, Li-Jia and Li, Kai and Fei-Fei, Li},
  booktitle={2009 IEEE conference on computer vision and pattern recognition},
  pages={248--255},
  year={2009},
  organization={Ieee}
}

@inproceedings{krizhevsky2012imagenet,
  title={Imagenet classification with deep convolutional neural networks},
  author={Krizhevsky, Alex and Sutskever, Ilya and Hinton, Geoffrey E},
  booktitle={Advances in neural information processing systems},
  pages={1097--1105},
  year={2012}
}

@article{nair2015massively,
  title={Massively parallel methods for deep reinforcement learning},
  author={Nair, Arun and Srinivasan, Praveen and Blackwell, Sam and Alcicek, Cagdas and Fearon, Rory and De Maria, Alessandro and Panneershelvam, Vedavyas and Suleyman, Mustafa and Beattie, Charles and Petersen, Stig and others},
  journal={arXiv preprint arXiv:1507.04296},
  year={2015}
}

@inproceedings{dean2012large,
  title={Large scale distributed deep networks},
  author={Dean, Jeffrey and Corrado, Greg and Monga, Rajat and Chen, Kai and Devin, Matthieu and Mao, Mark and Ranzato, Marc'aurelio and Senior, Andrew and Tucker, Paul and Yang, Ke and others},
  booktitle={Advances in neural information processing systems},
  pages={1223--1231},
  year={2012}
}

@article{sigelman2010dapper,
  title={Dapper, a large-scale distributed systems tracing infrastructure},
  author={Sigelman, Benjamin H and Barroso, Luiz Andre and Burrows, Mike and Stephenson, Pat and Plakal, Manoj and Beaver, Donald and Jaspan, Saul and Shanbhag, Chandan},
  year={2010}
}

@inproceedings{kaldor2017canopy,
  title={Canopy: An end-to-end performance tracing and analysis system},
  author={Kaldor, Jonathan and Mace, Jonathan and Bejda, Micha{\l} and Gao, Edison and Kuropatwa, Wiktor and O'Neill, Joe and Ong, Kian Win and Schaller, Bill and Shan, Pingjia and Viscomi, Brendan and others},
  booktitle={Proceedings of the 26th Symposium on Operating Systems Principles},
  pages={34--50},
  year={2017},
  organization={ACM}
}

@article{li2019accelerating,
  title={Accelerating Distributed Reinforcement Learning with In-Switch Computing},
  author={Li, Youjie and Liu, Iou-Jen and Yuan, Yifan and Chen, Deming and Schwing, Alexander and Huang, Jian},
  year={2019}
}

@inproceedings{moritz2018ray,
  title={Ray: A distributed framework for emerging {AI} applications},
  author={Moritz, Philipp and Nishihara, Robert and Wang, Stephanie and Tumanov, Alexey and Liaw, Richard and Liang, Eric and Elibol, Melih and Yang, Zongheng and Paul, William and Jordan, Michael I and others},
  booktitle={13th {USENIX} Symposium on Operating Systems Design and Implementation ({OSDI} 18)},
  pages={561--577},
  year={2018}
}

@article{brockman2016openai,
  title={{OpenAI} gym},
  author={Brockman, Greg and Cheung, Vicki and Pettersson, Ludwig and Schneider, Jonas and Schulman, John and Tang, Jie and Zaremba, Wojciech},
  journal={arXiv preprint arXiv:1606.01540},
  year={2016}
}

@misc{baselines,
  author = {Dhariwal, Prafulla and Hesse, Christopher and Klimov, Oleg and Nichol, Alex and Plappert, Matthias and Radford, Alec and Schulman, John and Sidor, Szymon and Wu, Yuhuai and Zhokhov, Peter},
  title = {{OpenAI} Baselines},
  year = {2017},
  publisher = {GitHub},
  journal = {GitHub repository},
  howpublished = {\url{https://github.com/openai/baselines}},
}

@misc{stable-baselines,
  author = {Hill, Ashley and Raffin, Antonin and Ernestus, Maximilian and Gleave, Adam and Kanervisto, Anssi and Traore, Rene and Dhariwal, Prafulla and Hesse, Christopher and Klimov, Oleg and Nichol, Alex and Plappert, Matthias and Radford, Alec and Schulman, John and Sidor, Szymon and Wu, Yuhuai},
  title = {Stable Baselines},
  year = {2018},
  publisher = {GitHub},
  journal = {GitHub repository},
  howpublished = {\url{https://github.com/hill-a/stable-baselines}},
}

@misc{dqn-hyperparams-stable-baselines,
  title = {{DQN - Stable Baselines 2.9.0a0}},
  howpublished = "\url{https://stable-baselines.readthedocs.io/en/master/modules/dqn.html#parameters}",
  year = {2019}, 
}

@misc{tpu-pricing,
  title = {{Google Cloud TPU pricing}},
  howpublished = "\url{https://cloud.google.com/tpu/pricing}",
  year = {2019}, 
}

@article{silver2017mastering,
  title={Mastering chess and shogi by self-play with a general reinforcement learning algorithm},
  author={Silver, David and Hubert, Thomas and Schrittwieser, Julian and Antonoglou, Ioannis and Lai, Matthew and Guez, Arthur and Lanctot, Marc and Sifre, Laurent and Kumaran, Dharshan and Graepel, Thore and others},
  journal={arXiv preprint arXiv:1712.01815},
  year={2017}
}

@article{nature-agz,
  title={Mastering the game of go without human knowledge},
  author={Silver, David and Schrittwieser, Julian and Simonyan, Karen and Antonoglou, Ioannis and Huang, Aja and Guez, Arthur and Hubert, Thomas and Baker, Lucas and Lai, Matthew and Bolton, Adrian and others},
  journal={Nature},
  volume={550},
  number={7676},
  pages={354},
  year={2017},
  publisher={Nature Publishing Group}
}

@article{chen2018tvm,
  title={{TVM}: end-to-end optimization stack for deep learning},
  author={Chen, Tianqi and Moreau, Thierry and Jiang, Ziheng and Shen, Haichen and Yan, Eddie and Wang, Leyuan and Hu, Yuwei and Ceze, Luis and Guestrin, Carlos and Krishnamurthy, Arvind},
  journal={13th {USENIX} Symposium on Operating Systems Design and Implementation ({OSDI} 18)},
  year={2018}
}

@article{zagoruyko2016wide,
  title={Wide residual networks},
  author={Zagoruyko, Sergey and Komodakis, Nikos},
  journal={27th British Machine Vision Conference},
  year={2016}
}

@article{wongsuphasawat2017visualizing,
  title={Visualizing dataflow graphs of deep learning models in {Tensorflow}},
  author={Wongsuphasawat, Kanit and Smilkov, Daniel and Wexler, James and Wilson, Jimbo and Mane, Dandelion and Fritz, Doug and Krishnan, Dilip and Vi{\'e}gas, Fernanda B and Wattenberg, Martin},
  journal={IEEE transactions on visualization and computer graphics},
  volume={24},
  number={1},
  pages={1--12},
  year={2017},
  publisher={IEEE}
}

@inproceedings{vaswani2017attention,
  title={Attention is all you need},
  author={Vaswani, Ashish and Shazeer, Noam and Parmar, Niki and Uszkoreit, Jakob and Jones, Llion and Gomez, Aidan N and Kaiser, {\L}ukasz and Polosukhin, Illia},
  booktitle={Advances in neural information processing systems},
  pages={5998--6008},
  year={2017}
}

@inproceedings{todorov2012mujoco,
  title={Mujoco: A physics engine for model-based control},
  author={Todorov, Emanuel and Erez, Tom and Tassa, Yuval},
  booktitle={2012 IEEE/RSJ International Conference on Intelligent Robots and Systems},
  pages={5026--5033},
  year={2012},
  organization={IEEE}
}

@misc{pybullet,
  title={Bullet Real-Time Physics Simulation | Home of Bullet and PyBullet: physics simulation for games, visual effects, robotics and reinforcement learning},
  year={2019},
  author={Coumans, Erwin and Bai, Yunfei},
  howpublished = "\url{https://pybullet.org}",
}

@misc{ue4,
  title={Unreal Engine 4},
  year={2019},
  author={Epic Games},
  howpublished = "\url{https://www.unrealengine.com/}",
}

@article{kober2013reinforcement,
  title={Reinforcement learning in robotics: A survey},
  author={Kober, Jens and Bagnell, J Andrew and Peters, Jan},
  journal={The International Journal of Robotics Research},
  volume={32},
  number={11},
  pages={1238--1274},
  year={2013},
  publisher={SAGE Publications Sage UK: London, England}
}

@article{bellemare2013arcade,
  title={The arcade learning environment: An evaluation platform for general agents},
  author={Bellemare, Marc G and Naddaf, Yavar and Veness, Joel and Bowling, Michael},
  journal={Journal of Artificial Intelligence Research},
  volume={47},
  pages={253--279},
  year={2013}
}

@inproceedings{abadi2016tensorflow,
  title={{Tensorflow}: A system for large-scale machine learning},
  author={Abadi, Mart{\'\i}n and Barham, Paul and Chen, Jianmin and Chen, Zhifeng and Davis, Andy and Dean, Jeffrey and Devin, Matthieu and Ghemawat, Sanjay and Irving, Geoffrey and Isard, Michael and others},
  booktitle={12th {USENIX} Symposium on Operating Systems Design and Implementation ({OSDI} 16)},
  pages={265--283},
  year={2016}
}

@misc{gpu-pc-sampling,
  title = {{CUPTI :: CUPTI Documentation - PC Sampling}},
  howpublished = "\url{https://docs.nvidia.com/cupti/Cupti/r_main.html#r_pc_sampling}",
  year = {2019}, 
}

@misc{forums-pc-sampling-slowdown,
  title = {{NVIDIA Developer Forums - PC Sampling leads to large slow-downs in execution time?}},
  howpublished = "\url{https://devtalk.nvidia.com/default/topic/1061180/cuda-profiler-tools-interface-cupti-/pc-sampling-leads-to-large-slow-downs-in-execution-time-}",
  year = {2019}, 
}

@misc{vtune,
  title = {{Intel VTune Amplifier | Intel Software}},
  howpublished = "\url{https://software.intel.com/en-us/vtune}",
  year = {2019}, 
}

@misc{nvprof,
  title = {{Profiler :: CUDA Toolkit Documentation}},
  howpublished = "\url{https://docs.nvidia.com/cuda/profiler-users-guide/index.html#nvprof-overview}",
  year = {2019}, 
}

@misc{dlprof,
  title = {{DLProf User Guide :: Deep Learning Frameworks Documentation}},
  howpublished = "\url{https://docs.nvidia.com/deeplearning/frameworks/dlprof-user-guide/}",
  year = {2019}, 
}

@misc{pyprof,
  title = {{The Python Profilers - Python 3.8.0 documentation}},
  howpublished = "\url{https://docs.python.org/3/library/profile.html}",
  year = {2019}, 
}
@misc{python,
  title = {{Welcome to Python.org}},
  howpublished = "\url{https://www.python.org/}",
  year = {2020}, 
}



@inproceedings{jouppi2017datacenter,
  title={In-datacenter performance analysis of a tensor processing unit},
  author={Jouppi, Norman P and Young, Cliff and Patil, Nishant and Patterson, David and Agrawal, Gaurav and Bajwa, Raminder and Bates, Sarah and Bhatia, Suresh and Boden, Nan and Borchers, Al and others},
  booktitle={2017 ACM/IEEE 44th Annual International Symposium on Computer Architecture (ISCA)},
  pages={1--12},
  year={2017},
  organization={IEEE}
}

@article{nvidia2017nvidia,
  title={NVIDIA {Tesla} {V100} {GPU} Architecture},
  author={NVIDIA},
  year={2017}
}


@article{datacenterRL,
title	= {Device Placement Optimization with Reinforcement Learning},
author	= {Azalia Mirhoseini and Hieu Pham and Quoc Le and Mohammad Norouzi and Samy Bengio and Benoit Steiner and Yuefeng Zhou and Naveen Kumar and Rasmus Larsen and Jeff Dean},
year	= {2017},
journal={International Conference on Machine Learning}
}
% URL	= {https://arxiv.org/abs/1706.04972}

@article{levine2018learning,
  title={Learning hand-eye coordination for robotic grasping with deep learning and large-scale data collection},
  author={Levine, Sergey and Pastor, Peter and Krizhevsky, Alex and Ibarz, Julian and Quillen, Deirdre},
  journal={The International Journal of Robotics Research},
  volume={37},
  number={4-5},
  pages={421--436},
  year={2018},
  publisher={SAGE Publications Sage UK: London, England}
}




% Cite ALL RL algorithm from OpenAI baselines.
@inproceedings{mnih2016asynchronous,
  title={Asynchronous methods for deep reinforcement learning},
  author={Mnih, Volodymyr and Badia, Adria Puigdomenech and Mirza, Mehdi and Graves, Alex and Lillicrap, Timothy and Harley, Tim and Silver, David and Kavukcuoglu, Koray},
  booktitle={International conference on machine learning},
  pages={1928--1937},
  year={2016}
}

@article{wang2016sample,
  title={Sample efficient actor-critic with experience replay},
  author={Wang, Ziyu and Bapst, Victor and Heess, Nicolas and Mnih, Volodymyr and Munos, Remi and Kavukcuoglu, Koray and de Freitas, Nando},
  booktitle = {International Conference on Learning Representations},
  year={2017}
}

@inproceedings{wu2017scalable,
  title={Scalable trust-region method for deep reinforcement learning using {Kronecker}-factored approximation},
  author={Wu, Yuhuai and Mansimov, Elman and Grosse, Roger B and Liao, Shun and Ba, Jimmy},
  booktitle={Advances in neural information processing systems},
  pages={5279--5288},
  year={2017}
}
@article{lillicrap2015continuous,
  title={Continuous control with deep reinforcement learning},
  author={Lillicrap, Timothy P and Hunt, Jonathan J and Pritzel, Alexander and Heess, Nicolas and Erez, Tom and Tassa, Yuval and Silver, David and Wierstra, Daan},
  booktitle={International Conference on Learning Representations},
  year={2016}
}
@inproceedings{ho2016generative,
  title={Generative adversarial imitation learning},
  author={Ho, Jonathan and Ermon, Stefano},
  booktitle={Advances in neural information processing systems},
  pages={4565--4573},
  year={2016}
}
@inproceedings{andrychowicz2017hindsight,
  title={Hindsight experience replay},
  author={Andrychowicz, Marcin and Wolski, Filip and Ray, Alex and Schneider, Jonas and Fong, Rachel and Welinder, Peter and McGrew, Bob and Tobin, Josh and Abbeel, OpenAI Pieter and Zaremba, Wojciech},
  booktitle={Advances in Neural Information Processing Systems},
  pages={5048--5058},
  year={2017}
}
@article{schulman2017proximal,
  title={Proximal policy optimization algorithms},
  author={Schulman, John and Wolski, Filip and Dhariwal, Prafulla and Radford, Alec and Klimov, Oleg},
  journal={arXiv preprint arXiv:1707.06347},
  year={2017}
}
@inproceedings{schulman2015trust,
  title={Trust region policy optimization},
  author={Schulman, John and Levine, Sergey and Abbeel, Pieter and Jordan, Michael and Moritz, Philipp},
  booktitle={International conference on machine learning},
  pages={1889--1897},
  year={2015}
}

@article{sallab2016end,
  title={End-to-end deep reinforcement learning for lane keeping assist},
  author={Sallab, Ahmad El and Abdou, Mohammed and Perot, Etienne and Yogamani, Senthil},
  journal={arXiv preprint arXiv:1612.04340},
  year={2016}
}
% I Cannot figure out where this thing was published.  It's not in NIPS 2016, but may be in some "2016 NIPS Workshop on Machine 
% Learning for Intelligent Transportation Systems" workshop , but I don't see it.
% booktitle={Neural Information Processing Systems},


% Sim-to-real transfer for self-driving cars.
@article{muller2018driving,
  title={Driving policy transfer via modularity and abstraction},
  author={M{\"u}ller, Matthias and Dosovitskiy, Alexey and Ghanem, Bernard and Koltun, Vladlen},
  booktitle={Conference on Robot Learning},
  year={2018}
}
%   journal={arXiv preprint arXiv:1804.09364},

@article{mattson2019mlperf,
  title={Mlperf training benchmark},
  author={Mattson, Peter and Cheng, Christine and Coleman, Cody and Diamos, Greg and Micikevicius, Paulius and Patterson, David and Tang, Hanlin and Wei, Gu-Yeon and Bailis, Peter and Bittorf, Victor and others},
  journal={arXiv preprint arXiv:1910.01500},
  year={2019}
}


@misc{nvidia_smi,
  title = {{NVIDIA - nvidia-smi Documentation}},
  howpublished = "\url{http://developer.download.nvidia.com/compute/DCGM/docs/nvidia-smi-367.38.pdf}",
  year = {2020}, 
}

@misc{protobuf,
  title = {{Protocol Buffers | Google Developers}},
  howpublished = "\url{https://developers.google.com/protocol-buffers}",
  year = {2020}, 
}

@misc{python_multiprocessing,
  title = {{multiprocessing — Process-based parallelism - Python}},
  howpublished = "\url{https://docs.python.org/3/library/multiprocessing.html}",
  year = {2020}, 
}

@misc{gprof,
  title = {{Top (GNU gprof)}},
  howpublished = "\url{https://sourceware.org/binutils/docs/gprof}",
  year = {2020}, 
}

%% Geoffrey

@online{1080ti,
  note =
{\url{https://www.nvidia.com/en-us/geforce/products/10series/geforce-gtx-1080-t
 i}},
  title = {{NVIDIA GeForce GTX 1080Ti}},
}

@online{2070,
  note = {\url{https://www.nvidia.com/en-us/geforce/graphics-cards/rtx-2070/}},
  title = {{NVIDIA GeForce RTX 2070}},
}

@online{2080ti,
  note =
{\url{https://www.nvidia.com/en-us/geforce/graphics-cards/rtx-2080-ti/}},
  title = {{NVIDIA GeForce RTX 2080Ti}},
}

@online{amd-1950x,
  note =
{\url{https://www.amd.com/en/products/cpu/amd-ryzen-threadripper-1950x}},
  title = {{AMD Ryzen Threadripper 1950X Processor}},
}

@online{amd-epyc-7371,
  note = {\url{https://www.amd.com/en/products/cpu/amd-epyc-7371}},
  title = {{AMD EPYC™ 7371 Processor}},
}

@online{gddr5,
  note = {\url{https://www.micron.com/products/graphics-memory/gddr5}},
  title = {{GDDR5}},
}

@online{gddr5x,
  note = {\url{https://www.micron.com/products/graphics-memory/gddr5x}},
  title = {{GDDR5X}},
}

@online{gddr6,
  note = {\url{https://www.micron.com/products/graphics-memory/gddr6}},
  title = {{GDDR6}},
}

@online{hbm2,
  note =
{\url{https://www.amd.com/system/files/documents/high-bandwidth-memory-hbm.pdf}
},
  title = {{HBM2 - High Bandwidth Memory-2}},
}

@online{intel-e5-2680,
  note =
{\url{https://ark.intel.com/content/www/us/en/ark/products/91754/intel-xeon-pro
 cessor-e5-2680-v4-35m-cache-2-40-ghz.html}},
  title = {{Intel Xeon Processor E5-2680}},
}

@online{p100,
  note =
{\url{https://images.nvidia.com/content/tesla/pdf/nvidia-tesla-p100-PCIe-datash
 eet.pdf}},
  title = {{NVIDIA Pascal P100}},
}

@online{p4,
  note =
{\url{http://images.nvidia.com/content/pdf/tesla/184457-Tesla-P4-Datasheet-NV-F
 inal-Letter-Web.pdf}},
  title = {{NVIDIA Tesla P4}},
}

@online{p4000,
  note =
{\url{https://www.nvidia.com/content/dam/en-zz/Solutions/design-visualization/q

uadro-product-literature/301283-DS-NV-Quadro-Pascal-P4000-US-03Feb17-NV-fnl-WEB
 .pdf}},
  title = {{NVIDIA Quadro P4000}},
}

@online{v100,
  note =
{\url{https://images.nvidia.com/content/technologies/volta/pdf/tesla-volta-v100
 -datasheet-letter-fnl-web.pdf}},
  title = {{NVIDIA Tesla V100}},
}

@techreport{pascal-nvidia,
  institution = {NVIDIA},
  year = {2016},
  title = {{NVIDIA Tesla P100}},
  type = {Whitepaper},
}

@techreport{volta-nvidia,
  institution = {NVIDIA},
  year = {2017},
  title = {{NVIDIA Tesla V100}},
  type = {Whitepaper},
}

@techreport{turing-nvidia,
  institution = {NVIDIA},
  year = {2018},
  title = {{NVIDIA Turing Architecture}},
  type = {Whitepaper},
}

@article{erez2011infinite,
  title={Infinite horizon model predictive control for nonlinear periodic tasks},
  author={Erez, Tom and Tassa, Yuval and Todorov, Emanuel},
  journal={Manuscript under review},
  volume={4},
  year={2011}
}

@article{lecun2015deep,
  title={Deep learning},
  author={LeCun, Yann and Bengio, Yoshua and Hinton, Geoffrey},
  journal={{Nature}},
  volume={521},
  number={7553},
  pages={436--444},
  year={2015},
  publisher={Nature Publishing Group}
}
@inproceedings{gleeson2021rlscope,
 author = {Gleeson, James and Krishnan, Srivatsan and Gabel, Moshe and Janapa Reddi, Vijay and de Lara, Eyal and Pekhimenko, Gennady},
 booktitle = {Proceedings of Machine Learning and Systems},
 title = {{RL-Scope:} Cross-Stack Profiling for Deep Reinforcement Learning Workloads},
 year = {2021}
}
